<record><leader>01900cam a2200469 i 4500</leader><controlfield tag="001">6752282</controlfield><controlfield tag="003">OCoLC</controlfield><controlfield tag="005">20150530071912.9</controlfield><controlfield tag="006">m     o  d        </controlfield><controlfield tag="007">cr cn|||||||||</controlfield><controlfield tag="008">141002t20152015enk     ob    000 0 eng d</controlfield><datafield ind1=" " ind2=" " tag="020"><subfield code="a">9780128016343 (e-book)</subfield></datafield><datafield ind1=" " ind2=" " tag="020"><subfield code="a">0128016345 (e-book)</subfield></datafield><datafield ind1=" " ind2=" " tag="020"><subfield code="z">9780128015063</subfield></datafield><datafield ind1=" " ind2=" " tag="035"><subfield code="a">ocn893675057</subfield></datafield><datafield ind1=" " ind2=" " tag="039"><subfield code="a">exclude</subfield></datafield><datafield ind1=" " ind2=" " tag="040"><subfield code="a">E7B</subfield><subfield code="b">eng</subfield><subfield code="e">rda</subfield><subfield code="c">E7B</subfield><subfield code="d">OCLCO</subfield><subfield code="d">UIU</subfield><subfield code="d">NEH</subfield><subfield code="d">OCLCF</subfield><subfield code="d">MYG</subfield><subfield code="d">AEU</subfield></datafield><datafield ind1=" " ind2="4" tag="050"><subfield code="a">RA1211</subfield><subfield code="b">.W49 2015eb</subfield></datafield><datafield ind1=" " ind2="4" tag="060"><subfield code="a">QV 600</subfield></datafield><datafield ind1="0" ind2="4" tag="082"><subfield code="a">615.9</subfield><subfield code="2">23</subfield></datafield><datafield ind1=" " ind2=" " tag="090"><subfield code="a">Internet Access</subfield><subfield code="b">AEGMCT</subfield></datafield><datafield ind1=" " ind2=" " tag="090"><subfield code="a">Internet Access</subfield><subfield code="b">AEU</subfield></datafield><datafield ind1="1" ind2=" " tag="100"><subfield code="a">Wexler, Philip,</subfield><subfield code="e">author.</subfield></datafield><datafield ind1="1" ind2="0" tag="245"><subfield code="a">History of toxicology and environmental health :</subfield><subfield code="b">toxicology in antiquity II /</subfield><subfield code="c">Philip Wexler.</subfield></datafield><datafield ind1=" " ind2="1" tag="264"><subfield code="a">London, England :</subfield><subfield code="b">Academic Press,</subfield><subfield code="c">2015.</subfield></datafield><datafield ind1=" " ind2="4" tag="264"><subfield code="c">&#169;2015</subfield></datafield><datafield ind1=" " ind2=" " tag="300"><subfield code="a">1 online resource.</subfield></datafield><datafield ind1=" " ind2=" " tag="336"><subfield code="a">text</subfield><subfield code="2">rdacontent</subfield></datafield><datafield ind1=" " ind2=" " tag="337"><subfield code="a">computer</subfield><subfield code="2">rdamedia</subfield></datafield><datafield ind1=" " ind2=" " tag="338"><subfield code="a">online resource</subfield><subfield code="2">rdacarrier</subfield></datafield><datafield ind1=" " ind2=" " tag="504"><subfield code="a">Includes bibliographical references.</subfield></datafield><datafield ind1=" " ind2=" " tag="506"><subfield code="a">Access restricted to authorized users and institutions.</subfield></datafield><datafield ind1=" " ind2=" " tag="588"><subfield code="a">Description based on online resource; title from PDF title page (ebrary,viewed October 2, 2014).</subfield></datafield><datafield ind1=" " ind2=" " tag="596"><subfield code="a">44 57</subfield></datafield><datafield ind1=" " ind2="0" tag="650"><subfield code="a">Toxicology</subfield><subfield code="x">History.</subfield></datafield><datafield ind1=" " ind2="0" tag="650"><subfield code="a">Toxicology</subfield><subfield code="v">Miscellanea.</subfield></datafield><datafield ind1="1" ind2="2" tag="650"><subfield code="a">Toxicology</subfield><subfield code="x">history.</subfield></datafield><datafield ind1="4" ind2="0" tag="856"><subfield code="3">MacEwan University Access</subfield><subfield code="u">http://www.sciencedirect.com/science/book/9780128015063</subfield><subfield code="z">(Unlimited Concurrent Users)</subfield></datafield><datafield ind1="4" ind2="0" tag="856"><subfield code="3">University of Alberta Access</subfield><subfield code="u">http://www.sciencedirect.com/science/book/9780128015063</subfield><subfield code="z">(Unlimited Concurrent Users)</subfield></datafield><datafield ind1=" " ind2=" " tag="949"><subfield code="h">UAIN</subfield><subfield code="m">GR_MAC_INT</subfield><subfield code="z">SCIDIRCOGM</subfield></datafield><datafield ind1=" " ind2=" " tag="926"><subfield code="a">Internet Access</subfield><subfield code="w">LC</subfield><subfield code="c">1</subfield><subfield code="i">6752282-1001</subfield><subfield code="l">INTERNET</subfield><subfield code="m">UAINTERNET</subfield><subfield code="r">Y</subfield><subfield code="s">Y</subfield><subfield code="t">E-RESOURCE</subfield><subfield code="u">12/3/2014</subfield><subfield code="x">E-BOOK</subfield><subfield code="z">SCIDIRECT</subfield></datafield><datafield ind1=" " ind2=" " tag="926"><subfield code="a">Internet Access</subfield><subfield code="w">LC</subfield><subfield code="c">1</subfield><subfield code="i">6752282-2001</subfield><subfield code="l">INTERNET</subfield><subfield code="m">GR_MAC_INT</subfield><subfield code="r">Y</subfield><subfield code="s">Y</subfield><subfield code="t">E-RESOURCE</subfield><subfield code="u">7/9/2015</subfield><subfield code="x">E-BOOK</subfield><subfield code="z">SCIDIRCOGM</subfield></datafield></record>